@article{Park2020,
 author = {Park, Minah and Cook, Alex R. and Lim, Jue Tao and Sun, Yinxiaohe and Dickens, Borame L.},
 doi = {10.3390/JCM9040967},
 journal = {Journal of Clinical Medicine},
 number = {4},
 pages = {967},
 publisher = {Multidisciplinary Digital Publishing Institute},
 title = {{A Systematic Review of COVID-19 Epidemiology Based on Current Evidence}},
 volume = {9},
 year = {2020}
}

@article{Cori2013,
 author = {Cori, Anne and Ferguson, Neil M and Fraser, Christophe and Cauchemez, Simon},
 doi = {10.1093/aje/kwt133},
 journal = {American Journal of Epidemiology},
 month = {nov},
 number = {9},
 pages = {1505--1512},
 pmid = {24043437},
 title = {{A new framework and software to estimate time-varying reproduction numbers during epidemics}},
 volume = {178},
 year = {2013}
}

@article{Chowell2015,
 author = {Chowell, Gerardo and Nishiura, Hiroshi},
 doi = {10.1371/journal.pbio.1002057},
 journal = {PLoS Biology},
 month = {jan},
 number = {1},
 pages = {e1002057},
 pmid = {25607595},
 publisher = {Public Library of Science},
 title = {{Characterizing the Transmission Dynamics and Control of Ebola Virus Disease}},
 volume = {13},
 year = {2015}
}

@article{Knight2020,
  author = {Knight, Jesse and Mishra, Sharmistha},
  journal = {Infectious Disease Modelling},
  pages = {889--896},
  url = {https://doi.org/10.1101/2020.05.24.20109215},
  title = {{Estimating effective reproduction number using generation time versus serial interval, with application to COVID-19 in the Greater Toronto Area, Canada}},
  volume = {5},
  year = {2020}
}

@article{Fraser2007,
 author = {Fraser, Christophe},
 doi = {10.1371/journal.pone.0000758},
 journal = {PLoS ONE},
 month = {aug},
 number = {8},
 pages = {e758},
 publisher = {Public Library of Science},
 title = {{Estimating individual and household reproduction numbers in an emerging epidemic}},
 volume = {2},
 year = {2007}
}

@article{Fraser2004,
 author = {Fraser, Christophe and Riley, Steven and Anderson, Roy M. and Ferguson, Neil M.},
 doi = {10.1073/pnas.0307506101},
 journal = {Proceedings of the National Academy of Sciences of the United States of America},
 month = {apr},
 number = {16},
 pages = {6146--6151},
 publisher = {National Academy of Sciences},
 title = {{Factors that make an infectious disease outbreak controllable}},
 volume = {101},
 year = {2004}
}

@book{Hogg2005,
  author = {Hogg, Robert V and McKean, Joseph and Craig, Allen T},
  title = {Introduction to mathematical statistics},
  year = {2005},
  publisher = {Pearson Education}
}

@article{Du2020,
 author = {Du, Zhanwei and Xu, Xiaoke and Wu, Ye and Wang, Lin and Cowling, Benjamin J. and Meyers, Lauren Ancel},
 doi = {10.3201/eid2606.200357},
 journal = {Emerging infectious diseases},
 month = {mar},
 number = {6},
 pages = {1341--1343},
 pmid = {32191173},
 publisher = {NLM (Medline)},
 title = {{Serial Interval of COVID-19 among Publicly Reported Confirmed Cases}},
 url = {http://www.doi.org/10.3201/eid2606.200357},
 volume = {26},
 year = {2020}
}

@article{Zhang2020,
 author = {Zhang, Juanjuan and Litvinova, Maria and Wang, Wei and Wang, Yan and Deng, Xiaowei and Chen, Xinghui and Li, Mei and Zheng, Wen and Yi, Lan and Chen, Xinhua and Wu, Qianhui and Liang, Yuxia and Wang, Xiling and Yang, Juan and Sun, Kaiyuan and Longini, Ira M. and Halloran, M. Elizabeth and Wu, Peng and Cowling, Benjamin J. and Merler, Stefano and Viboud, Cecile and Vespignani, Alessandro and Ajelli, Marco and Yu, Hongjie},
 doi = {10.1016/S1473-3099(20)30230-9},
 journal = {The Lancet Infectious Diseases},
 pages = {793--802},
 number = {7},
 publisher = {Lancet Publishing Group},
 title = {{Evolving epidemiology and transmission dynamics of coronavirus disease 2019 outside Hubei province, China: a descriptive and modelling study}},
 url = {http://www.doi.org/10.1016/S1473-3099(20)30230-9},
 volume = {20},
 year = {2020}
}

@article{Nishiura2020,
 author = {Nishiura, Hiroshi and Linton, Natalie M. and Akhmetzhanov, Andrei R.},
 doi = {10.1016/j.ijid.2020.02.060},
 journal = {International Journal of Infectious Diseases},
 month = {apr},
 pages = {284--286},
 pmid = {32145466},
 publisher = {Elsevier B.V.},
 title = {{Serial interval of novel coronavirus (COVID-19) infections}},
 url = {http://www.doi.org/10.1016/j.ijid.2020.02.060},
 volume = {93},
 year = {2020}
}

@article{Lauer2020,
 author = {Lauer, Stephen A. and Grantz, Kyra H. and Bi, Qifang and Jones, Forrest K. and Zheng, Qulu and Meredith, Hannah R. and Azman, Andrew S. and Reich, Nicholas G. and Lessler, Justin},
 doi = {10.7326/m20-0504},
 journal = {Annals of Internal Medicine},
 number = {9},
 month = {mar},
 pages = {577--582},
 pmid = {32150748},
 publisher = {American College of Physicians},
 title = {{The Incubation Period of Coronavirus Disease 2019 (COVID-19) From Publicly Reported Confirmed Cases: Estimation and Application}},
 url = {http://www.doi.org/10.7326/m20-0504},
 volume = {172},
 year = {2020}
}

