@article{Cori2013,
 author = {Cori, Anne and Ferguson, Neil M and Fraser, Christophe and Cauchemez, Simon},
 doi = {10.1093/aje/kwt133},
 journal = {American Journal of Epidemiology},
 month = {nov},
 number = {9},
 pages = {1505--1512},
 pmid = {24043437},
 title = {{A new framework and software to estimate time-varying reproduction numbers during epidemics}},
 url = {http://www.ncbi.nlm.nih.gov/pubmed/24043437 http://www.pubmedcentral.nih.gov/articlerender.fcgi?artid=PMC3816335},
 volume = {178},
 year = {2013}
}

@article{Klinkenberg2011,
 author = {Klinkenberg, Don and Nishiura, Hiroshi},
 doi = {10.1016/j.jtbi.2011.06.015},
 journal = {Journal of Theoretical Biology},
 month = {sep},
 number = {1},
 pages = {52--60},
 publisher = {Academic Press},
 title = {{The correlation between infectivity and incubation period of measles, estimated from households with two cases}},
 volume = {284},
 year = {2011}
}

@article{Du2020,
  author = {Du, Zhanwei and Xu, Xiaoke and Wu, Ye and Wang, Lin and Cowling, Benjamin J. and Meyers, Lauren Ancel},
  doi = {10.3201/eid2606.200357},
  journal = {Emerging infectious diseases},
  month = {mar},
  number = {6},
  pmid = {32191173},
  publisher = {NLM (Medline)},
  title = {{Serial Interval of COVID-19 among Publicly Reported Confirmed Cases}},
  volume = {26},
  year = {2020}
}

@article{Nishiura2020,
 author = {Nishiura, Hiroshi and Linton, Natalie M. and Akhmetzhanov, Andrei R.},
 doi = {10.1016/j.ijid.2020.02.060},
 journal = {International Journal of Infectious Diseases},
 month = {apr},
 pages = {284--286},
 pmid = {32145466},
 publisher = {Elsevier B.V.},
 title = {{Serial interval of novel coronavirus (COVID-19) infections}},
 volume = {93},
 year = {2020}
}

@article{Zhang2020a,
  author = {Zhang, Sheng and Diao, Meng Yuan and Yu, Wenbo and Pei, Lei and Lin, Zhaofen and Chen, Dechang},
  doi = {10.1016/j.ijid.2020.02.033},
  journal = {International Journal of Infectious Diseases},
  month = {apr},
  pages = {201--204},
  pmid = {32097725},
  publisher = {Elsevier B.V.},
  title = {{Estimation of the reproductive number of novel coronavirus (COVID-19) and the probable outbreak size on the Diamond Princess cruise ship: A data-driven analysis}},
  volume = {93},
  year = {2020}
}

@article{Zhao2020,
 author = {Zhao, Shi and Gao, Daozhou and Zhuang, Zian and Chong, Marc and Cai, Yongli and Ran, Jinjun and Cao, Peihua and Wang, Kai and Lou, Yijun and Wang, Weiming and Yang, Lin and He, Daihai and Wang, Maggie},
 doi = {10.1101/2020.02.21.20026559},
 journal = {medRxiv},
 month = {feb},
 publisher = {Cold Spring Harbor Laboratory Press},
 title = {{Estimating the serial interval of the novel coronavirus disease (COVID-19): A statistical analysis using the public data in Hong Kong from January 16 to February 15, 2020}},
 year = {2020}
}

@article{Lauer2020,
 author = {Lauer, Stephen A. and Grantz, Kyra H. and Bi, Qifang and Jones, Forrest K. and Zheng, Qulu and Meredith, Hannah R. and Azman, Andrew S. and Reich, Nicholas G. and Lessler, Justin},
 doi = {10.7326/m20-0504},
 journal = {Annals of Internal Medicine},
 month = {mar},
 pmid = {32150748},
 publisher = {American College of Physicians},
 title = {{The Incubation Period of Coronavirus Disease 2019 (COVID-19) From Publicly Reported Confirmed Cases: Estimation and Application}},
 year = {2020}
}

@article{Linton2020,
 author = {Linton, Natalie M. and Kobayashi, Tetsuro and Yang, Yichi and Hayashi, Katsuma and Akhmetzhanov, Andrei R. and Jung, Sung-mok and Yuan, Baoyin and Kinoshita, Ryo and Nishiura, Hiroshi},
 doi = {10.3390/jcm9020538},
 journal = {Journal of Clinical Medicine},
 month = {feb},
 number = {2},
 pages = {538},
 pmid = {32079150},
 publisher = {MDPI AG},
 title = {{Incubation Period and Other Epidemiological Characteristics of 2019 Novel Coronavirus Infections with Right Truncation: A Statistical Analysis of Publicly Available Case Data}},
 url = {https://www.mdpi.com/2077-0383/9/2/538},
 volume = {9},
 year = {2020}
}

@article{Aylward2014,
 author = {Aylward, Bruce and Barboza, Philippe and Bawo, Luke and Bertherat, Eric and Bilivogui, Pepe and Blake, Isobel and Brennan, Rick and Briand, Sylvie and Chakauya, Jethro Magwati and Chitala, Kennedy and Conteh, Roland M. and Cori, Anne and Croisier, Alice and Dangou, Jean Marie and Diallo, Boubacar and Donnelly, Christl A. and Dye, Christopher and Eckmanns, Tim and Ferguson, Neil M. and Formenty, Pierre and Fuhrer, Caroline and Fukuda, Keiji and Garske, Tini and Gasasira, Alex and Gbanyan, Stephen and Graaff, Peter and Heleze, Emmanuel and Jambai, Amara and Jombart, Thibaut and Kasolo, Francis and Kadiobo, Albert Mbule and Keita, Sakoba and Kertesz, Daniel and Kon{\'{e}}, Moussa and Lane, Chris and Markoff, Jered and Massaquoi, Moses and Mills, Harriet and Mulba, John Mike and Musa, Emmanuel and Myhre, Joel and Nasidi, Abdusalam and Nilles, Eric and Nouvellet, Pierre and Nshimirimana, Deo and Nuttall, Isabelle and Nyenswah, Tolbert and Olu, Olushayo and Pendergast, Scott and Perea, William and Polonsky, Jonathan and Riley, Steven and Ronveaux, Olivier and Sakoba, Keita and Krishnan, Ravi Santhana Gopala and Senga, Mikiko and Shuaib, Faisal and {Van Kerkhove}, Maria D. and Vaz, Rui and Kannangarage, Niluka Wijekoon and Yoti, Zabulon},
 doi = {10.1056/NEJMoa1411100},
 journal = {New England Journal of Medicine},
 number = {16},
 pages = {1481--1495},
 pmid = {25244186},
 title = {{Ebola virus disease in West Africa - The first 9 months of the epidemic and forward projections}},
 volume = {371},
 year = {2014}
}

@article{Ali2013,
 author = {Ali, Sheikh Taslim and Kadi, A. S. and Ferguson, Neil M.},
 doi = {10.1016/j.epidem.2013.08.001},
 journal = {Epidemics},
 month = {dec},
 number = {4},
 pages = {157--163},
 pmid = {24267871},
 publisher = {Elsevier},
 title = {{Transmission dynamics of the 2009 influenza A (H1N1) pandemic in India: The impact of holiday-related school closure}},
 volume = {5},
 year = {2013}
}

@article{Pan2020,
 author = {Pan, An and Liu, Li and Wang, Chaolong and Guo, Huan and Hao, Xingjie and Wang, Qi and Huang, Jiao and He, Na and Yu, Hongjie and Lin, Xihong and Wei, Sheng and Wu, Tangchun},
 doi = {10.1001/jama.2020.6130},
 journal = {JAMA - Journal of the American Medical Association},
 month = {apr},
 pmid = {32275295},
 publisher = {American Medical Association},
 title = {{Association of Public Health Interventions with the Epidemiology of the COVID-19 Outbreak in Wuhan, China}},
 url = {https://jamanetwork.com/journals/jama/fullarticle/2764658},
 year = {2020}
}

@article{Cowling2020,
 author = {Cowling, Benjamin J. and Ali, Sheikh Taslim and Ng, Tiffany W.Y. and Tsang, Tim K. and Li, Julian C.M. and Fong, Min Whui and Liao, Qiuyan and Kwan, Mike YW and Lee, So Lun and Chiu, Susan S. and Wu, Joseph T. and Wu, Peng and Leung, Gabriel M.},
 doi = {10.1016/S2468-2667(20)30090-6},
 journal = {The Lancet Public Health},
 month = {may},
 number = {5},
 pages = {e279--e288},
 pmid = {32311320},
 publisher = {Elsevier Ltd},
 title = {{Impact assessment of non-pharmaceutical interventions against coronavirus disease 2019 and influenza in Hong Kong: an observational study}},
 volume = {5},
 year = {2020}
}

@article{Leung2020,
 author = {Leung, Kathy and Wu, Joseph T. and Liu, Di and Leung, Gabriel M.},
 doi = {10.1016/S0140-6736(20)30746-7},
 journal = {The Lancet},
 month = {apr},
 number = {10233},
 pages = {1382--1393},
 publisher = {Lancet Publishing Group},
 title = {{First-wave COVID-19 transmissibility and severity in China outside Hubei after control measures, and second-wave scenario planning: a modelling impact assessment}},
 volume = {395},
 year = {2020}
}

@article{Ganyani2020,
 author = {Ganyani, Tapiwa and Kremer, C{\'{e}}cile and Chen, Dongxuan and Torneri, Andrea and Faes, Christel and Wallinga, Jacco and Hens, Niel},
 doi = {10.2807/1560-7917.ES.2020.25.17.2000257},
 journal = {Eurosurveillance},
 month = {apr},
 number = {17},
 pages = {2000257},
 publisher = {European Centre for Disease Prevention and Control},
 title = {{Estimating the generation interval for coronavirus disease (COVID-19) based on symptom onset data, March 2020}},
 url = {https://www.eurosurveillance.org/content/10.2807/1560-7917.ES.2020.25.17.2000257},
 volume = {25},
 year = {2020}
}

@book{Hogg2005,
  author = {Hogg, Robert V and McKean, Joseph and Craig, Allen T},
  title = {Introduction to mathematical statistics},
  year = {2005},
  publisher = {Pearson Education}
}

@article{Park2020,
 author = {Park, Minah and Cook, Alex R. and Lim, Jue Tao and Sun, Yinxiaohe and Dickens, Borame L.},
 doi = {10.3390/JCM9040967},
 journal = {Journal of Clinical Medicine},
 number = {4},
 pages = {967},
 publisher = {Multidisciplinary Digital Publishing Institute},
 title = {{A Systematic Review of COVID-19 Epidemiology Based on Current Evidence}},
 url = {https://www.mdpi.com/2077-0383/9/4/967},
 volume = {9},
 year = {2020}
}

@article{Li2020,
 author = {Li, Qun and Guan, Xuhua and Wu, Peng and Wang, Xiaoye and Zhou, Lei and Tong, Yeqing and Ren, Ruiqi and Leung, Kathy S.M. and Lau, Eric H.Y. and Wong, Jessica Y. and Xing, Xuesen and Xiang, Nijuan and Wu, Yang and Li, Chao and Chen, Qi and Li, Dan and Liu, Tian and Zhao, Jing and Liu, Man and Tu, Wenxiao and Chen, Chuding and Jin, Lianmei and Yang, Rui and Wang, Qi and Zhou, Suhua and Wang, Rui and Liu, Hui and Luo, Yinbo and Liu, Yuan and Shao, Ge and Li, Huan and Tao, Zhongfa and Yang, Yang and Deng, Zhiqiang and Liu, Boxi and Ma, Zhitao and Zhang, Yanping and Shi, Guoqing and Lam, Tommy T.Y. and Wu, Joseph T. and Gao, George F. and Cowling, Benjamin J. and Yang, Bo and Leung, Gabriel M. and Feng, Zijian},
 doi = {10.1056/NEJMoa2001316},
 journal = {The New England journal of medicine},
 month = {mar},
 number = {13},
 pages = {1199--1207},
 pmid = {31995857},
 publisher = {NLM (Medline)},
 title = {{Early Transmission Dynamics in Wuhan, China, of Novel Coronavirus-Infected Pneumonia}},
 url = {http://www.nejm.org/doi/10.1056/NEJMoa2001316},
 volume = {382},
 year = {2020}
}

@article{Backer2020,
 author = {Backer, Jantien A and Klinkenberg, Don and Wallinga, Jacco},
 journal = {Eurosurveillance},
 doi = {10.2807/1560-7917.ES.2020.25.5.2000062},
 month = {feb},
 number = {5},
 pages = {2000062},
 pmid = {32046819},
 publisher = {European Centre for Disease Prevention and Control (ECDC)},
 title = {{Incubation period of 2019 novel coronavirus (2019- nCoV) infections among travellers from Wuhan, China, 20 28 January 2020}},
 url = {https://www.eurosurveillance.org/content/10.2807/1560-7917.ES.2020.25.5.2000062},
 volume = {25},
 year = {2020}
}

@article{Tindale2020,
 author = {Tindale, Lauren and Coombe, Michelle and Stockdale, Jessica E and Garlock, Emma and Lau, Wing Yin Venus and Saraswat, Manu and Lee, Yen-Hsiang Brian and Zhang, Louxin and Chen, Dongxuan and Wallinga, Jacco and Colijn, Caroline},
 doi = {10.1101/2020.03.03.20029983},
 journal = {medRxiv},
 month = {mar},
 number = {February},
 publisher = {Cold Spring Harbor Laboratory Press},
 title = {{Transmission interval estimates suggest pre-symptomatic spread of COVID-19}},
 year = {2020}
}

@article{Liu2020,
 author = {Liu, Yang and Funk, Sebastian and Flasche, Stefan},
 doi = {10.12688/wellcomeopenres.15788.1},
 journal = {Wellcome Open Research},
 month = {apr},
 pages = {58},
 publisher = {F1000 Research Ltd},
 title = {{The contribution of pre-symptomatic infection to the transmission dynamics of COVID-2019}},
 volume = {5},
 year = {2020}
}

@misc{Kimball2020,
 author = {Kimball, Anne and Hatfield, Kelly M. and Arons, Melissa and James, Allison and Taylor, Joanne and Spicer, Kevin and Bardossy, Ana C. and Oakley, Lisa P. and Tanwar, Sukarma and Chisty, Zeshan and Bell, Jeneita M. and Methner, Mark and Harney, Josh and Jacobs, Jesica R. and Carlson, Christina M. and McLaughlin, Heather P. and Stone, Nimalie and Clark, Shauna and Brostrom-Smith, Claire and Page, Libby C. and Kay, Meagan and Lewis, James and Russell, Denny and Hiatt, Brian and Gant, Jessica and Duchin, Jeffrey S. and Clark, Thomas A. and Honein, Margaret A. and Reddy, Sujan C. and Jernigan, John A. and Baer, Atar and Barnard, Leslie M. and Benoliel, Eileen and Fagalde, Meaghan S. and Ferro, Jessica and Smith, Hal Garcia and Gonzales, Elysia and Hatley, Noel and Hatt, Grace and Hope, Michaela and Huntington-Frazier, Melinda and Kawakami, Vance and Lenahan, Jennifer L. and Lukoff, Margaret D. and Maier, Emily B. and McKeirnan, Shelly and Montgomery, Patricia and Morgan, Jennifer L. and Mummert, Laura A. and Pogosjans, Sargis and Riedo, Francis X. and Schwarcz, Leilani and Smith, Daniel and Stearns, Steve and Sykes, Kaitlyn J. and Whitney, Holly and Ali, Hammad and Banks, Michelle and Balajee, Arun and Chow, Eric J. and Cooper, Barbara and Currie, Dustin W. and Dyal, Jonathan and Healy, Jessica and Hughes, Michael and McMichael, Temet M. and Nolen, Leisha and Olson, Christine and Rao, Agam K. and Schmit, Kristine and Schwartz, Noah G. and Tobolowsky, Farrell and Zacks, Rachael and Zane, Suzanne},
 booktitle = {Morbidity and Mortality Weekly Report},
 doi = {10.15585/MMWR.MM6913E1},
 month = {apr},
 number = {13},
 pages = {377--381},
 pmid = {32240128},
 publisher = {Department of Health and Human Services},
 title = {{Asymptomatic and presymptomatic SARS-COV-2 infections in residents of a long-term care skilled nursing facility - King County, Washington, March 2020}},
 volume = {69},
 year = {2020}
}

@article{Zeng2009,
 author = {Zeng, Guang and Xie, Shu Yun and Qin, L. I. and Ou, Jian Ming},
 doi = {10.1016/S0895-3988(10)60008-6},
 journal = {Biomedical and Environmental Sciences},
 month = {dec},
 number = {6},
 pages = {502--510},
 pmid = {20337224},
 publisher = {Elsevier Ltd},
 title = {{Infectivity of severe acute respiratory syndrome during its incubation period}},
 volume = {22},
 year = {2009}
}

@article{Osterholm2015,
 author = {Osterholm, Michael T. and Moore, Kristine A. and Kelley, Nicholas S. and Brosseau, Lisa M. and Wong, Gary and Murphy, Frederick A. and Peters, Clarence J. and LeDuc, James W. and Russell, Phillip K. and {Van Herp}, Michel and Kapetshi, Jimmy and Muyembe, Jean Jacques T. and Ilunga, Benoit Kebela and Strong, James E. and Grolla, Allen and Wolz, Anja and Kargbo, Brima and Kargbo, David K. and Formenty, Pierre and Sanders, David Avram and Kobinger, Gary P.},
 doi = {10.1128/mBio.00137-15},
 journal = {mBio},
 month = {feb},
 number = {2},
 publisher = {American Society for Microbiology},
 title = {{Transmission of Ebola viruses: What we know and what we do not know}},
 volume = {6},
 year = {2015}
}

@article{Kuk2005,
 author = {Kuk, Anthony Y.C. and Ma, Stefan},
 doi = {10.1002/sim.2123},
 journal = {Statistics in Medicine},
 month = {aug},
 number = {16},
 pages = {2525--2537},
 publisher = {John Wiley {\&} Sons, Ltd},
 title = {{The estimation of SARS incubation distribution from serial interval data using a convolution likelihood}},
 url = {http://doi.wiley.com/10.1002/sim.2123},
 volume = {24},
 year = {2005}
}

@article{Britton2019,
 author = {Britton, Tom and Tomba, Gianpaolo Scalia},
 doi = {10.1098/rsif.2018.0670},
 journal = {Journal of the Royal Society Interface},
 month = {jan},
 number = {150},
 publisher = {Royal Society Publishing},
 title = {{Estimation in emerging epidemics: Biases and remedies}},
 volume = {16},
 year = {2019}
}

@article{You2020,
 author = {You, Chong and Deng, Yuhao and Hu, Wenjie and Sun, Jiarui and Lin, Qiushi and Zhou, Feng and Pang, Cheng Heng and Zhang, Yuan and Chen, Zhengchao and Zhou, Xiao-Hua},
 doi = {10.2139/ssrn.3539694},
 journal = {International Journal of Hygiene and Environmental Health},
 title = {{Estimation of the Time-Varying Reproduction Number of COVID-19 Outbreak in China}},
 year = {2020}
}

@article{Tang2020,
 author = {Tang, Biao and Xia, Fan and Bragazzi, Nicola Luigi and Wang, Xia and He, Sha and Sun, Xiaodan and Tang, Sanyi and Xiao, Yanni and Wu, Jianhong},
 doi = {10.1101/2020.03.09.20033464},
 journal = {medRxiv},
 month = {mar},
 publisher = {Cold Spring Harbor Laboratory Press},
 title = {{Lessons drawn from China and South Korea for managing COVID-19 epidemic: insights from a comparative modeling study}},
 year = {2020}
}

@article{Zhang2020,
 author = {Zhang, Juanjuan and Litvinova, Maria and Wang, Wei and Wang, Yan and Deng, Xiaowei and Chen, Xinghui and Li, Mei and Zheng, Wen and Yi, Lan and Chen, Xinhua and Wu, Qianhui and Liang, Yuxia and Wang, Xiling and Yang, Juan and Sun, Kaiyuan and Longini, Ira M. and Halloran, M. Elizabeth and Wu, Peng and Cowling, Benjamin J. and Merler, Stefano and Viboud, Cecile and Vespignani, Alessandro and Ajelli, Marco and Yu, Hongjie},
 doi = {10.1016/S1473-3099(20)30230-9},
 journal = {The Lancet Infectious Diseases},
 publisher = {Lancet Publishing Group},
 title = {{Evolving epidemiology and transmission dynamics of coronavirus disease 2019 outside Hubei province, China: a descriptive and modelling study}},
 year = {2020}
}

